<?xml version="1.0"?>
<marc:records xmlns:marc="http://www.loc.gov/MARC21/slim" xmlns:xsi="http://www.w3.org/2001/XMLSchema-instance" xsi:schemaLocation="http://www.loc.gov/MARC21/slim http://www.loc.gov/standards/marcxml/schema/MARC21slim.xsd">
  <marc:record>
    <marc:leader>06751nam a2200733Ia 4500</marc:leader>
    <marc:controlfield tag="001">9977571413103681</marc:controlfield>
    <marc:controlfield tag="005">20190926154944.0</marc:controlfield>
    <marc:controlfield tag="006">m     o  c        </marc:controlfield>
    <marc:controlfield tag="007">cr#cn|024aaaba</marc:controlfield>
    <marc:controlfield tag="008">190828q14681496ua p          000 0 ara d</marc:controlfield>
    <marc:datafield ind1=" " ind2=" " tag="035">
  <marc:subfield code="a">(OCoLC)1114308431</marc:subfield>
</marc:datafield>
    <marc:datafield ind1=" " ind2=" " tag="035">
  <marc:subfield code="a">(OCoLC)on1114308431</marc:subfield>
</marc:datafield>
    <marc:datafield ind1=" " ind2=" " tag="040">
  <marc:subfield code="a">PAU</marc:subfield>
  <marc:subfield code="b">eng</marc:subfield>
  <marc:subfield code="c">PAU</marc:subfield>
  <marc:subfield code="e">amremm</marc:subfield>
</marc:datafield>
    <marc:datafield ind1=" " ind2="9" tag="099">
  <marc:subfield code="a">Penn Museum NEP26</marc:subfield>
</marc:datafield>
    <marc:datafield ind1="0" ind2=" " tag="130">
  <marc:subfield code="6">880-01</marc:subfield>
  <marc:subfield code="a">Du&#x2BB;a&#x304;&#x2BC; al-Jawshan.</marc:subfield>
  <marc:subfield code="k">Selections.</marc:subfield>
</marc:datafield>
    <marc:datafield ind1="1" ind2="0" tag="245">
  <marc:subfield code="6">880-02</marc:subfield>
  <marc:subfield code="a">Kita&#x304;b Du&#x2BB;a&#x304;&#x2BC; al-Jawshan</marc:subfield>
  <marc:subfield code="h">[electronic resource].</marc:subfield>
</marc:datafield>
    <marc:datafield ind1=" " ind2=" " tag="260">
  <marc:subfield code="a">[Egypt?],</marc:subfield>
  <marc:subfield code="c">[between 1468-1496]</marc:subfield>
</marc:datafield>
    <marc:datafield ind1=" " ind2=" " tag="300">
  <marc:subfield code="a">1 online resource (31 bi-paginated leaves) :</marc:subfield>
  <marc:subfield code="b">illuminations.</marc:subfield>
</marc:datafield>
    <marc:datafield ind1=" " ind2=" " tag="500">
  <marc:subfield code="a">Titles from caption titles (p. 3, 35).</marc:subfield>
</marc:datafield>
    <marc:datafield ind1=" " ind2=" " tag="500">
  <marc:subfield code="a">Pagination: Modern pagination added in pencil to every other leaf, upper left recto; no catchwords.</marc:subfield>
</marc:datafield>
    <marc:datafield ind1=" " ind2=" " tag="500">
  <marc:subfield code="a">Layout: First 14 pages written in 7 lines of 4 short lines alternating with 3 long lines; remaining pages written in the same rulings, but with 3 lines to each short section, for a total of 12 lines, 3 sets of 3 short lines, written in small script, alternating with 3 long lines.</marc:subfield>
</marc:datafield>
    <marc:datafield ind1=" " ind2=" " tag="500">
  <marc:subfield code="a">Script: Written in muh&#x323;aqqaq and naskh in black and red ink; pointed and vocalized.</marc:subfield>
</marc:datafield>
    <marc:datafield ind1=" " ind2=" " tag="500">
  <marc:subfield code="a">Decoration: Dual-page illuminated first opening in blue and gold with dedication and titles in white (p. [2]-3). Large, gold roundels with red, blue, or green interiors with a gold flower design decorate the first page of text (p [4]). 8-lobed gold flower roundels with blue and red dots appear in the space at the end of each short line. Headpiece in gold and blue with title (partially scrubbed) (p. 35). Gold, red and blue finispiece with scribe's signature in ruled box with blue and gold cornerpieces (p. [60]). Textblock ruled in gold and blue. Short lines of pages 15-33 written in red with darker red headings at an angle to the outside of the line.</marc:subfield>
</marc:datafield>
    <marc:datafield ind1=" " ind2=" " tag="500">
  <marc:subfield code="a">Binding: Bound in brown leather over pasteboard with black leather, blind stamped onlays of a central mandorla, two pendants on the vertical axis, and cornerpieces; brown leather doublure.</marc:subfield>
</marc:datafield>
    <marc:datafield ind1=" " ind2=" " tag="500">
  <marc:subfield code="a">Origin: Item was likely copied during the reign of Qa&#x304;&#x2BC;it Ba&#x304;y (1468-1496) and was produced by the Mamlu&#x304;k &#x2BB;Ali&#x304; Ba&#x304;y ibn H&#x323;aydar, min T&#x323;abaqat al-Ghu&#x304;r al-Malaki&#x304; al-Ashrafi&#x304; (p. [60]).</marc:subfield>
</marc:datafield>
    <marc:datafield ind1=" " ind2=" " tag="500">
  <marc:subfield code="a">Dimensions of original manuscript: 390 x 285 (290 x 203) mm bound to 420 x 300 mm.</marc:subfield>
</marc:datafield>
    <marc:datafield ind1=" " ind2=" " tag="500">
  <marc:subfield code="a">Laid, non-European paper; 3 widely spaced chain lines visible on each page.</marc:subfield>
</marc:datafield>
    <marc:datafield ind1=" " ind2=" " tag="500">
  <marc:subfield code="a">Added notes: Two lines of poetry asking for mistakes to be forgiven (p. [14]); an owner's note in the name Muh&#x323;ammad ibn Ah&#x323;mad al-S&#x323;adi&#x304;qi&#x304; and a reader's note in the name &#x2BB;Umar al-Shari&#x304;f (p. 35); another reader's note (p. [60]).</marc:subfield>
</marc:datafield>
    <marc:datafield ind1="0" ind2=" " tag="505">
  <marc:subfield code="a">1. p. [1]-33: Du&#x2BB;a&#x304;&#x2BC; al-Jawshan -- 2. p. 35-[60]. Du&#x2BB;a&#x304;&#x2BC; al-Sayfi&#x304;.</marc:subfield>
</marc:datafield>
    <marc:datafield ind1=" " ind2=" " tag="520">
  <marc:subfield code="a">Large format, illuminated copy of prayers from Kita&#x304;b Du&#x2BB;a&#x304;&#x2BC; al-Jawshan and the Du&#x2BB;a&#x304;&#x2BC; al-Sayfi&#x304;, attributed to &#x2BB;Ali&#x304; ibn Abi&#x304; T&#x323;a&#x304;lib. The copy is dedicated to Qa&#x304;&#x2BC;it Ba&#x304;y, the Sultan of Egypt and Syria (d. 1496). The first page of text gives the transmitter as Muh&#x323;ammad ibn Zayn al-&#x2BB;Arab Sharafsha&#x304;h al-H&#x323;usayni&#x304; (p. [4]).</marc:subfield>
</marc:datafield>
    <marc:datafield ind1=" " ind2=" " tag="524">
  <marc:subfield code="a">University of Pennsylvania Museum of Archaeology and Anthropology NEP26</marc:subfield>
</marc:datafield>
    <marc:datafield ind1=" " ind2=" " tag="533">
  <marc:subfield code="a">Electronic reproduction.</marc:subfield>
  <marc:subfield code="b">Philadelphia, Pa. :</marc:subfield>
  <marc:subfield code="c">University of Pennsylvania Libraries,</marc:subfield>
  <marc:subfield code="d">2019.</marc:subfield>
</marc:datafield>
    <marc:datafield ind1=" " ind2=" " tag="534">
  <marc:subfield code="p">Original:</marc:subfield>
  <marc:subfield code="t">Kita&#x304;b Du&#x2BB;a&#x304;&#x2BC; al-Jawshan (NEP26),</marc:subfield>
  <marc:subfield code="l">University of Pennsylvania Museum of Archaeology and Anthropology.</marc:subfield>
</marc:datafield>
    <marc:datafield ind1=" " ind2=" " tag="538">
  <marc:subfield code="a">Mode of access: World Wide Web.</marc:subfield>
</marc:datafield>
    <marc:datafield ind1="1" ind2=" " tag="541">
  <marc:subfield code="a">Purchased from Dimitri Andalaft in 1924</marc:subfield>
</marc:datafield>
    <marc:datafield ind1=" " ind2=" " tag="546">
  <marc:subfield code="a">Arabic.</marc:subfield>
</marc:datafield>
    <marc:datafield ind1="1" ind2=" " tag="561">
  <marc:subfield code="a">Formerly owned by Muh&#x323;ammad ibn Ah&#x323;mad al-S&#x323;adi&#x304;qi&#x304; (owner's note p. [35]).</marc:subfield>
</marc:datafield>
    <marc:datafield ind1=" " ind2="0" tag="650">
  <marc:subfield code="a">Islam</marc:subfield>
  <marc:subfield code="v">Prayers and devotions</marc:subfield>
  <marc:subfield code="v">Early works to 1800.</marc:subfield>
</marc:datafield>
    <marc:datafield ind1=" " ind2="0" tag="650">
  <marc:subfield code="a">Illumination of books and manuscripts</marc:subfield>
  <marc:subfield code="v">Specimens.</marc:subfield>
</marc:datafield>
    <marc:datafield ind1=" " ind2="7" tag="655">
  <marc:subfield code="a">Fascimiles.</marc:subfield>
  <marc:subfield code="2">aat</marc:subfield>
</marc:datafield>
    <marc:datafield ind1=" " ind2="7" tag="655">
  <marc:subfield code="a">Illuminations (painting)</marc:subfield>
  <marc:subfield code="2">aat</marc:subfield>
</marc:datafield>
    <marc:datafield ind1=" " ind2="7" tag="655">
  <marc:subfield code="a">Notes (documents)</marc:subfield>
  <marc:subfield code="2">aat</marc:subfield>
</marc:datafield>
    <marc:datafield ind1=" " ind2="0" tag="655">
  <marc:subfield code="a">Manuscripts, Arabic.</marc:subfield>
</marc:datafield>
    <marc:datafield ind1=" " ind2="0" tag="655">
  <marc:subfield code="a">Manuscripts, 15th century.</marc:subfield>
</marc:datafield>
    <marc:datafield ind1="0" ind2=" " tag="700">
  <marc:subfield code="6">880-03</marc:subfield>
  <marc:subfield code="a">&#x2BB;Ali&#x304; ibn Abi&#x304; T&#x323;a&#x304;lib,</marc:subfield>
  <marc:subfield code="c">Caliph,</marc:subfield>
  <marc:subfield code="d">approximately 600-661,</marc:subfield>
  <marc:subfield code="e">attributed name.</marc:subfield>
</marc:datafield>
    <marc:datafield ind1="0" ind2=" " tag="700">
  <marc:subfield code="6">880-04</marc:subfield>
  <marc:subfield code="a">&#x2BB;Ali&#x304; Ba&#x304;y ibn H&#x323;aydar,</marc:subfield>
  <marc:subfield code="c">Mamlu&#x304;k,</marc:subfield>
  <marc:subfield code="e">scribe.</marc:subfield>
</marc:datafield>
    <marc:datafield ind1="0" ind2=" " tag="700">
  <marc:subfield code="6">880-05</marc:subfield>
  <marc:subfield code="a">Qa&#x304;&#x2BC;it Ba&#x304;y,</marc:subfield>
  <marc:subfield code="c">Sultan of Egypt and Syria,</marc:subfield>
  <marc:subfield code="d">-1496,</marc:subfield>
  <marc:subfield code="e">dedicatee.</marc:subfield>
</marc:datafield>
    <marc:datafield ind1="1" ind2=" " tag="700">
  <marc:subfield code="6">880-06</marc:subfield>
  <marc:subfield code="a">S&#x323;adi&#x304;qi&#x304;, Muh&#x323;ammad ibn Ah&#x323;mad,</marc:subfield>
  <marc:subfield code="e">former owner.</marc:subfield>
</marc:datafield>
    <marc:datafield ind1="1" ind2=" " tag="700">
  <marc:subfield code="6">880-07</marc:subfield>
  <marc:subfield code="a">Shari&#x304;f, &#x2BB;Umar,</marc:subfield>
  <marc:subfield code="e">reader.</marc:subfield>
</marc:datafield>
    <marc:datafield ind1="1" ind2=" " tag="700">
  <marc:subfield code="a">Andalaft, Dimitri,</marc:subfield>
  <marc:subfield code="e">bookseller.</marc:subfield>
</marc:datafield>
    <marc:datafield ind1="0" ind2="2" tag="730">
  <marc:subfield code="6">880-08</marc:subfield>
  <marc:subfield code="a">Du&#x2BB;a&#x304;&#x2BC; al-Sayfi&#x304;.</marc:subfield>
</marc:datafield>
    <marc:datafield ind1=" " ind2=" " tag="852">
  <marc:subfield code="b">University of Pennsylvania Museum of Archaeology and Anthropology</marc:subfield>
  <marc:subfield code="a">University of Pennsylvania.</marc:subfield>
  <marc:subfield code="j">Penn Museum NEP26</marc:subfield>
</marc:datafield>
    <marc:datafield ind1="4" ind2="1" tag="856">
  <marc:subfield code="z">Digital facsimile in OPenn</marc:subfield>
  <marc:subfield code="u">http://openn.library.upenn.edu/Data/0016/html/NEP26.html</marc:subfield>
</marc:datafield>
    <marc:datafield ind1="0" ind2=" " tag="880">
  <marc:subfield code="6">130-01//r</marc:subfield>
  <marc:subfield code="a">&#x62F;&#x639;&#x627;&#x621; &#x627;&#x644;&#x62C;&#x648;&#x634;&#x646;.</marc:subfield>
  <marc:subfield code="k">Selections.</marc:subfield>
</marc:datafield>
    <marc:datafield ind1="1" ind2="0" tag="880">
  <marc:subfield code="6">245-02//r</marc:subfield>
  <marc:subfield code="a">&#x643;&#x62A;&#x627;&#x628; &#x62F;&#x639;&#x627;&#x621; &#x627;&#x644;&#x62C;&#x648;&#x634;&#x646;</marc:subfield>
  <marc:subfield code="h">[electronic resource].</marc:subfield>
</marc:datafield>
    <marc:datafield ind1="0" ind2=" " tag="880">
  <marc:subfield code="6">700-03//r</marc:subfield>
  <marc:subfield code="a">&#x639;&#x644;&#x64A; &#x628;&#x646; &#x627;&#x628;&#x64A; &#x637;&#x627;&#x644;&#x628;&#x60C;</marc:subfield>
  <marc:subfield code="c">&#x62E;&#x644;&#x64A;&#x641;&#x629;&#x60C;</marc:subfield>
  <marc:subfield code="d">approximately 600-661&#x60C;</marc:subfield>
  <marc:subfield code="e">attributed name.</marc:subfield>
</marc:datafield>
    <marc:datafield ind1="0" ind2=" " tag="880">
  <marc:subfield code="6">700-04//r</marc:subfield>
  <marc:subfield code="a">&#x639;&#x644;&#x64A; &#x628;&#x627;&#x64A; &#x628;&#x646; &#x62D;&#x64A;&#x62F;&#x631;&#x60C;</marc:subfield>
  <marc:subfield code="c">&#x645;&#x645;&#x644;&#x648;&#x643;&#x60C;</marc:subfield>
  <marc:subfield code="e">scribe.</marc:subfield>
</marc:datafield>
    <marc:datafield ind1="0" ind2=" " tag="880">
  <marc:subfield code="6">700-05//r</marc:subfield>
  <marc:subfield code="a">&#x642;&#x627;&#x64A;&#x62A;&#x628;&#x627;&#x64A;&#x60C;</marc:subfield>
  <marc:subfield code="c">&#x633;&#x644;&#x637;&#x627;&#x646; &#x645;&#x635;&#x631; &#x648;&#x633;&#x648;&#x631;&#x64A;&#x627;&#x60C;</marc:subfield>
  <marc:subfield code="d">-1496&#x60C;</marc:subfield>
  <marc:subfield code="e">dedicatee.</marc:subfield>
</marc:datafield>
    <marc:datafield ind1="1" ind2=" " tag="880">
  <marc:subfield code="6">700-06//r</marc:subfield>
  <marc:subfield code="a">&#x635;&#x62F;&#x64A;&#x642;&#x64A;&#x60C; &#x645;&#x62D;&#x645;&#x62F; &#x628;&#x646; &#x627;&#x62D;&#x645;&#x62F;&#x60C;</marc:subfield>
  <marc:subfield code="e">former owner.</marc:subfield>
</marc:datafield>
    <marc:datafield ind1="1" ind2=" " tag="880">
  <marc:subfield code="6">700-07//r</marc:subfield>
  <marc:subfield code="a">&#x634;&#x631;&#x64A;&#x641;&#x60C; &#x639;&#x645;&#x631;&#x60C;</marc:subfield>
  <marc:subfield code="e">reader.</marc:subfield>
</marc:datafield>
    <marc:datafield ind1="0" ind2="2" tag="880">
  <marc:subfield code="6">730-08//r</marc:subfield>
  <marc:subfield code="a">&#x62F;&#x639;&#x627;&#x621; &#x627;&#x644;&#x633;&#x64A;&#x641;&#x64A;.</marc:subfield>
</marc:datafield>
    <marc:datafield ind1=" " ind2=" " tag="948">
  <marc:subfield code="h">HELD BY PAU - 0 OTHER HOLDINGS</marc:subfield>
</marc:datafield>
    <marc:datafield ind1=" " ind2=" " tag="994">
  <marc:subfield code="a">Z0</marc:subfield>
  <marc:subfield code="b">PAU</marc:subfield>
</marc:datafield>
    <marc:datafield ind1=" " ind2=" " tag="996">
  <marc:subfield code="a">hinge-right</marc:subfield>
</marc:datafield>
    <marc:holdings>
      <marc:holding>
        <marc:holding_id>22597835620003681</marc:holding_id>
        <marc:call_number>Penn Museum NEP26</marc:call_number>
        <marc:library>KislakCntr</marc:library>
        <marc:location>scmsw</marc:location>
      </marc:holding>
    </marc:holdings>
  </marc:record>
</marc:records>
